<record><leader>00000cas a22000007a 4500</leader><controlfield tag="001">9862780</controlfield><controlfield tag="008">830830d18541896nyucr ne      0    0eng d</controlfield><controlfield tag="009">3781</controlfield><datafield ind1=" " ind2=" " tag="010"><subfield code="a">sn 83031373 </subfield></datafield><datafield ind1=" " ind2=" " tag="040"><subfield code="a">NPU</subfield><subfield code="b">eng</subfield><subfield code="c">NPU</subfield><subfield code="d">NYG</subfield><subfield code="d">NPX</subfield><subfield code="d">NYS</subfield><subfield code="d">MGN</subfield><subfield code="d">OCL</subfield><subfield code="d">OCLCF</subfield><subfield code="d">OCLCO</subfield></datafield><datafield ind1="1" ind2=" " tag="029"><subfield code="a">AU@</subfield><subfield code="b">000020227159</subfield></datafield><datafield ind1=" " ind2=" " tag="042"><subfield code="a">msc</subfield></datafield><datafield ind1="0" ind2=" " tag="130"><subfield code="a">Niagara Falls gazette (Niagara Falls, N.Y. : Weekly)</subfield></datafield><datafield ind1="0" ind2="0" tag="245"><subfield code="a">Niagara Falls gazette.</subfield></datafield><datafield ind1=" " ind2=" " tag="260"><subfield code="a">Niagara Falls, N.Y. :</subfield><subfield code="b">B.F. Sleeper &amp; Co.,</subfield></datafield><datafield ind1=" " ind2=" " tag="300"><subfield code="a">v. ;</subfield><subfield code="c">60 cm.</subfield></datafield><datafield ind1=" " ind2=" " tag="310"><subfield code="a">Semiweekly,</subfield><subfield code="b">Jan. &lt;8&gt;, 1890-&lt;Mar. 18, 1893&gt;</subfield></datafield><datafield ind1=" " ind2=" " tag="321"><subfield code="a">Weekly,</subfield><subfield code="b">1854-Dec. 31, 1889</subfield></datafield><datafield ind1="0" ind2=" " tag="362"><subfield code="a">Vol. 1, no. 1 (May 17, 1854)-</subfield></datafield><datafield ind1="1" ind2=" " tag="362"><subfield code="a">Ceased May 1, 1896?</subfield></datafield><datafield ind1=" " ind2=" " tag="500"><subfield code="a">Publishers: B.F. Sleeper &amp; Co., 1854-    ; Pool &amp; Sleeper, &lt;1856-1860&gt;; William Pool, &lt;1868-1887&gt;.</subfield></datafield><datafield ind1=" " ind2=" " tag="500"><subfield code="a">Editor: William Pool, &lt;1876&gt;.</subfield></datafield><datafield ind1=" " ind2=" " tag="500"><subfield code="a">Republican, &lt;1876&gt;.</subfield></datafield><datafield ind1=" " ind2=" " tag="515"><subfield code="a">Issue for Jan. 23, 1856 called also whole no. 89.</subfield></datafield><datafield ind1=" " ind2=" " tag="515"><subfield code="a">Issues for &lt;Aug. 30, 1890&gt;-Dec. 31, 1880 numbered: &lt;Vol. 1, no. 69&gt;-v. 1, no. 104; designation changes to: v. 37, no. 79 (Jan. 3, 1891)-v. 38, no. 8 (Apr. 29, 1891) = Semiweekly ed., v. 2, no. 1-v. 2, no. 34; designation again changes to: 38th year, no. 35 (May 2, 1891)-&lt;40th year, no. 22 (Mar. 18, 1893)&gt;.</subfield></datafield><datafield ind1=" " ind2=" " tag="580"><subfield code="a">Daily eds.: Daily gazette (Niagara Falls, N.Y. : 1859), 1859; Niagara Falls gazette (Niagara Falls, N.Y. : 1860), 1860; Daily gazette (Niagara Falls, N.Y. : 1881), 1881-1883; Niagara Falls gazette (Niagara Falls, N.Y. : 1884), 1884-1887; Niagara Falls gazette (Niagara Falls, N.Y. : 1893), 1893-189u.</subfield></datafield><datafield ind1=" " ind2="0" tag="651"><subfield code="a">Niagara Falls (N.Y.)</subfield><subfield code="v">Newspapers.</subfield></datafield><datafield ind1=" " ind2="7" tag="655"><subfield code="a">Newspapers.</subfield><subfield code="2">fast</subfield><subfield code="0">(OCoLC)fst01423814</subfield></datafield><datafield ind1=" " ind2="7" tag="651"><subfield code="a">New York (State)</subfield><subfield code="z">Niagara Falls.</subfield><subfield code="2">fast</subfield><subfield code="0">(OCoLC)fst01205634</subfield></datafield><datafield ind1=" " ind2=" " tag="752"><subfield code="a">United States</subfield><subfield code="b">New York</subfield><subfield code="c">Niagara</subfield><subfield code="d">Niagara Falls.</subfield></datafield><datafield ind1="1" ind2=" " tag="775"><subfield code="t">Daily gazette (Niagara Falls, N.Y. : 1859)</subfield><subfield code="w">(DLC) 85038693</subfield></datafield><datafield ind1="1" ind2=" " tag="775"><subfield code="t">Niagara Falls gazette (Niagara Falls, N.Y. : 1860)</subfield><subfield code="w">(DLC)sn 94057920</subfield></datafield><datafield ind1="1" ind2=" " tag="775"><subfield code="t">Daily gazette (Niagara Falls, N.Y. : 1881)</subfield><subfield code="w">(DLC) 85054407</subfield></datafield><datafield ind1="1" ind2=" " tag="775"><subfield code="t">Niagara Falls gazette (Niagara Falls, N.Y. : 1884)</subfield><subfield code="w">(DLC)sn 84031917</subfield></datafield><datafield ind1="1" ind2=" " tag="775"><subfield code="t">Niagara Falls gazette (Niagara Falls, N.Y. : 1893)</subfield><subfield code="w">(DLC)sn 94057924</subfield></datafield></record>